<record><leader>00000cas a2200000 a 4500</leader><controlfield tag="001">12229446</controlfield><controlfield tag="008">850703d18451901nyuwr ne      0    0eng c</controlfield><datafield ind1=" " ind2=" " tag="010"><subfield code="a">sn 85026443 </subfield></datafield><datafield ind1=" " ind2=" " tag="040"><subfield code="a">NPX</subfield><subfield code="b">eng</subfield><subfield code="c">NPX</subfield><subfield code="d">NPV</subfield><subfield code="d">NPX</subfield><subfield code="d">NPA</subfield><subfield code="d">NPY</subfield><subfield code="d">NYS</subfield><subfield code="d">OCL</subfield><subfield code="d">NYS</subfield><subfield code="d">OCLCQ</subfield><subfield code="d">KRTAS</subfield><subfield code="d">DLC</subfield><subfield code="d">OCLCQ</subfield><subfield code="d">OCLCF</subfield></datafield><datafield ind1="1" ind2=" " tag="029"><subfield code="a">AU@</subfield><subfield code="b">000020124413</subfield></datafield><datafield ind1=" " ind2=" " tag="042"><subfield code="a">pcc</subfield></datafield><datafield ind1=" " ind2=" " tag="043"><subfield code="a">n-us-ny</subfield></datafield><datafield ind1="0" ind2="0" tag="050"><subfield code="a">Newspaper</subfield></datafield><datafield ind1="0" ind2=" " tag="130"><subfield code="a">Geneva gazette (Geneva, N.Y. : 1845)</subfield></datafield><datafield ind1="1" ind2="4" tag="245"><subfield code="a">The Geneva gazette.</subfield></datafield><datafield ind1=" " ind2=" " tag="260"><subfield code="a">Geneva [N.Y.] :</subfield><subfield code="b">I. &amp; S.H. Parker,</subfield><subfield code="c">-1901.</subfield></datafield><datafield ind1=" " ind2=" " tag="300"><subfield code="a">57 v. ;</subfield><subfield code="c">55 cm.</subfield></datafield><datafield ind1=" " ind2=" " tag="310"><subfield code="a">Weekly</subfield></datafield><datafield ind1="1" ind2=" " tag="362"><subfield code="a">Began in Jan. 1845.</subfield></datafield><datafield ind1="0" ind2=" " tag="362"><subfield code="a">-New ser., v. 57, no. 30 (July 26, 1901) = Whole no. 2883.</subfield></datafield><datafield ind1=" " ind2=" " tag="500"><subfield code="a">Publishers: I. &amp; S.H. Parker, &lt;1846&gt;, Stephen H. Parker, &lt;1854&gt;; Stephen H. &amp; Edgar Parker, &lt;1872&gt;; Stephen H. Parker, &lt;1876&gt;.</subfield></datafield><datafield ind1=" " ind2=" " tag="500"><subfield code="a">Editors: George G. Gallagher, &lt;1846&gt;; Stephen H. Parker, &lt;1854-1876&gt;; George M. Horton, &lt;1854&gt;.</subfield></datafield><datafield ind1=" " ind2=" " tag="588"><subfield code="a">Description based on: New ser., v. 1, no. 41 (Oct. 10, 1845).</subfield></datafield><datafield ind1=" " ind2="0" tag="651"><subfield code="a">Geneva (N.Y.)</subfield><subfield code="v">Newspapers.</subfield></datafield><datafield ind1=" " ind2="0" tag="651"><subfield code="a">Ontario County (N.Y.)</subfield><subfield code="v">Newspapers.</subfield></datafield><datafield ind1=" " ind2="7" tag="655"><subfield code="a">Newspapers.</subfield><subfield code="2">fast</subfield><subfield code="0">(OCoLC)fst01423814</subfield></datafield><datafield ind1=" " ind2="7" tag="651"><subfield code="a">New York (State)</subfield><subfield code="z">Geneva.</subfield><subfield code="2">fast</subfield><subfield code="0">(OCoLC)fst01202948</subfield></datafield><datafield ind1=" " ind2="7" tag="651"><subfield code="a">New York (State)</subfield><subfield code="z">Ontario County.</subfield><subfield code="2">fast</subfield><subfield code="0">(OCoLC)fst01209099</subfield></datafield><datafield ind1=" " ind2=" " tag="752"><subfield code="a">United States</subfield><subfield code="b">New York</subfield><subfield code="c">Ontario</subfield><subfield code="d">Geneva.</subfield></datafield><datafield ind1="0" ind2="0" tag="785"><subfield code="t">Tri-weekly gazette (Geneva, N.Y.)</subfield><subfield code="w">(DLC)sn 88074669</subfield><subfield code="w">(OCoLC)18346950</subfield></datafield><datafield ind1=" " ind2=" " tag="938"><subfield code="a">Kirtas Technologies, Inc.</subfield><subfield code="b">KRTS</subfield><subfield code="n">739274</subfield></datafield></record>